@article{ dag,
          author    = "D. K. Dysthe and B. Hafskjold and J. Breer and D. Cejka",
          title     = "Interferometric Technique for Measuring Interdiffusion at High Pressures",
          year      = "1995",
          journal   = "J. Phys. Chem.",
          volume    = "99",
          note      = "and references therein"
}
@Article{lz,
author       =   "L. Zendher",
title        =   "Ein neuer Interferenzrefraktor",
OPTcrossref  =   "",
OPTkey       =   "",
journal   =   "Zeitschrift für Instrumentenkunde",
year      =   "1891",
volume    =   "11",
OPTnumber    =   "",
pages     =   "275-285",
OPTmonth     =   "",
OPTnote      =   "",
OPTannote    =   ""
}
@Article{lm,
author       =   "L. Mach",
title        =   "Ueber einen Interferenzrefraktor",
OPTcrossref  =   "",
OPTkey       =   "",
journal   =   "Zeitschrift für Instrumentenkunde",
year      =   "1891",
volume    =   "12",
OPTnumber    =   "",
pages     =   "89-93",
OPTmonth     =   "",
OPTnote      =   "",
OPTannote    =   ""
}
@inproceedings{ th,
author       =   "H. J. V. Tyrrell and K. R. Harris",
title        =   "Diffuson in liquids",
OPTcrossref  =   "",
OPTkey       =   "",
OPTjournal   =   "",
year      =   "1984",
OPTvolume    =   "",
OPTnumber    =   "",
OPTpages     =   "",
OPTmonth     =   "",
note      =   "Buttersworths: London",
OPTannote    =   ""
}
@Article{dym,
author       =   "J. H. Dymond",
title        =   "",
OPTcrossref  =   "",
OPTkey       =   "",
journal   =   "Chem. Soc. Rev.",
year      =   "1984",
volume    =   "14",
OPTnumber    =   "",
OPTpages     =   "",
OPTmonth     =   "",
note      =   "and references therein",
OPTannote    =   ""
}
@Article{ht,
author       =   "K. R. Harris and N. J. Trappeniers",
title        =   "",
OPTcrossref  =   "",
OPTkey       =   "",
journal   =   "Physica",
year      =   "1980",
volume    =   "104A",
OPTnumber    =   "",
pages     =   "262",
OPTmonth     =   "",
OPTnote      =   "",
OPTannote    =   ""
}
@Article{ew,
author       =   "A. J. Eastrel and L. A. Woolf",
title        =   "",
OPTcrossref  =   "",
OPTkey       =   "",
journal   =   "Physica",
year      =   "1983, 1984",
volume    =   "121A, 127A",
OPTnumber    =   "",
pages     =   "286, 344",
OPTmonth     =   "",
OPTnote      =   "",
OPTannote    =   ""
}
@book {omst,
author       =   "Richard Leach",
title        =   "Optical Measurement of Surface Topography",
OPTcrossref  =   "",
OPTkey       =   "",
OPTjournal   =   "",
year      =   "2011",
OPTvolume    =   "",
OPTnumber    =   "",
pages     =   "167-186",
OPTmonth     =   "",
OPTnote      =   "",
OPTannote    =   ""
}
@book {const,
author       =   "M. Constantini",
title        =   "A Phase Unwrapping Method Based on Network Programming",
OPTcrossref  =   "",
OPTkey       =   "",
journal   =   "Fringe 96",
year      =   "1996",
OPTvolume    =   "",
OPTnumber    =   "",
OPTpages     =   "",
OPTmonth     =   "",
OPTnote      =   "",
OPTannote    =   ""
}
@misc {bl,
author       =   "B. Luong",
title        =   "Constantini phase unwrapping",
howpublished = "\url{https://www.mathworks.com/matlabcentral/fileexchange/25154-costantini-phase-unwrapping/content/ConstantiniUnwrap/test_cunwrap.m}",
}
